@article{zhou2018fenchel,
  title={On the fenchel duality between strong convexity and lipschitz continuous gradient},
  author={Zhou, Xingyu},
  journal={arXiv preprint arXiv:1803.06573},
  year={2018}
},
@book{horn2012matrix,
  title={Matrix analysis},
  author={Horn, Roger A and Johnson, Charles R},
  year={2012},
  publisher={Cambridge university press}
}