@article{wachsmuth2013licq,
  title={On LICQ and the uniqueness of Lagrange multipliers},
  author={Wachsmuth, Gerd},
  journal={Operations Research Letters},
  volume={41},
  number={1},
  pages={78--80},
  year={2013},
  publisher={Elsevier}
}